<?xml version="1.0" encoding="UTF-8"?><collection xmlns="http://www.loc.gov/MARC21/slim"><record><leader>00484nam--2200145-i-4500</leader><controlfield tag="001">000014449</controlfield><controlfield tag="002">20161230</controlfield><controlfield tag="005">20170225182039</controlfield><controlfield tag="008">060222s1000------------r-----000-0-eng-d</controlfield><datafield ind1=" " ind2=" " tag="245"><subfield code="a">Couplages vibreniques dans une espece triatomi que lineaire: effets de ces couplages sur la s tructure rovibronique de l ion co2+</subfield><subfield code="b">these</subfield></datafield><datafield ind1=" " ind2=" " tag="260"><subfield code="a">Univeriste De Paris-sud</subfield><subfield code="c">1982</subfield></datafield><datafield ind1=" " ind2=" " tag="300"><subfield code="a">214 p</subfield></datafield><datafield ind1=" " ind2=" " tag="700"><subfield code="a">Branciard, Claudine</subfield></datafield><datafield ind1=" " ind2=" " tag="852"><subfield code="a">539.194:535.338.41(043)</subfield></datafield><datafield ind1=" " ind2=" " tag="CAT"><subfield code="a">SYS</subfield><subfield code="c">20170225</subfield><subfield code="h">182039</subfield></datafield></record></collection>